@article{barendregt_1991,
  title = {Introduction to generalized type systems},
  author = {Barendregt, Henk},
  year = {1991},
  journal = {Journal of Functional Programming},
  publisher = {Cambridge University Press},
  volume = {1},
  number = {2},
  pages = {125–154},
  DOI = {10.1017/S0956796800020025}
}
@article{diy_1989,
  title = {Do-it-yourself type theory},
  author = {Backhouse, Roland and Chisholm, Paul and Malcolm, Grant and Saaman, Erik},
  year = {1989},
  month = {03},
  journal = {Formal Aspects of Computing},
  volume = {1},
  pages = {19-84},
  doi = {10.1007/BF01887198}
}
@book{martin-lof_1984,
  Title = {Intuitionistic type theory},
  Subtitle = {Notes by Giovanni Sambin},
  Author = {Martin-L{\"o}f, Per},
  Year = {1984},
  Publisher = {Bibliopolis},
  Series = {Studies in Proof Theory},
  Volume = {1},
  Pages = {iv+91},
  Isbn = {88-7088-105-9},
  Mrclass = {03B15 (03F50 03F55)},
  Mrnumber = {769301 (86j:03005)},
  Mrreviewer = {M. M. Richter}
}
@book{hottbook,
  title = {Homotopy Type Theory: Univalent Foundations of Mathematics},
  author = {The {Univalent Foundations Program}},
  year = {2013},
  publisher = {\url{https://homotopytypetheory.org/book}},
  address = {Institute for Advanced Study}
}
@incollection{martin-lof_1982,
  title = {Constructive Mathematics and Computer Programming},
  author = {Per Martin-L{\"o}f},
  year = {1982},
  booktitle = {Logic, Methodology and Philosophy of Science VI},
  editor = {L. Jonathan Cohen and Jerzy Łoś and Helmut Pfeiffer and Klaus-Peter Podewski},
  series = {Studies in Logic and the Foundations of Mathematics},
  volume = {104},
  pages = {153 - 175},
  publisher = {Elsevier},
  issn = {0049-237X},
  doi = {https://doi.org/10.1016/S0049-237X(09)70189-2},
  url = {https://www.cs.tufts.edu/~nr/cs257/archive/per-martin-lof/constructive-math.pdf}
}
@article{kaposi_2020,
  title     = {Signatures and Induction Principles for Higher Inductive-Inductive Types},
  author    = {Ambrus Kaposi and Andr{\'{a}}s Kov{\'{a}}cs},
  year      = {2020},
  journal   = {Log. Methods Comput. Sci.},
  volume    = {16},
  number    = {1},
  url       = {https://doi.org/10.23638/LMCS-16(1:10)2020},
  doi       = {10.23638/LMCS-16(1:10)2020},
  timestamp = {Wed, 28 Oct 2020 17:00:55 +0100},
  biburl    = {https://dblp.org/rec/journals/lmcs/KaposiK19.bib},
  bibsource = {dblp computer science bibliography, https://dblp.org}
}
@inproceedings{petersson-synek_1989,
  title = {A Set Constructor for Inductive Sets in Martin-L\"{o}f's Type Theory},
  author = {Petersson, Kent and Synek, Dan},
  year = {1989},
  booktitle = {Category Theory and Computer Science},
  pages = {128–140},
  numpages = {13},
  publisher = {Springer-Verlag},
  address = {Berlin, Heidelberg},
  isbn = {354051662X}
}
@book{tapl,
title = {Types and Programming Languages},
author = {Pierce, Benjamin C.},
year = {2002},
publisher = {The MIT Press},
edition = {1st},
isbn = {0262162091}
}